@article{Gamble20092570,
	title = "Analyzing the tradeoffs among ecological and fishing effects on an example fish community: A multispecies (fisheries) production model ",
	journal = "Ecological Modelling ",
	volume = "220",
	number = "19",
	pages = "2570 - 2582",
	year = "2009",
	note = "",
	issn = "0304-3800",
	doi = "10.1016/j.ecolmodel.2009.06.022",
	url = "http://www.sciencedirect.com/science/article/pii/S0304380009003998",
	author = "Robert J. Gamble and Jason S. Link",
	keywords = "Ecological interactions",
	keywords = "Ecosystem-based fishery management",
	keywords = "Multispecies",
	keywords = "Production model",
	keywords = "Biological reference points",
	keywords = "Predation",
	keywords = "Competition",
	keywords = "Northwest Atlantic",
	keywords = "Northeast United States \{LME\} "
}

@article{ArreguinSanchez1996,
year={1996},
issn={0960-3166},
journal={Reviews in Fish Biology and Fisheries},
volume={6},
number={2},
doi={10.1007/BF00182344},
title={Catchability: a key parameter for fish stock assessment},
url={http://dx.doi.org/10.1007/BF00182344},
publisher={Kluwer Academic Publishers},
author={Arregu\'{i}n-S\'{a}nchez, Francisco},
pages={221-242},
language={English}
}

@inproceedings{conf/chi/TweedieSDS95,
  added-at = {2011-12-21T00:00:00.000+0100},
  author = {Tweedie, Lisa and Spence, Robert and Dawkes, Huw and Su, Hua},
  biburl = {http://www.bibsonomy.org/bibtex/2b1e4ef4ee8850be75055bcc5ab78f3d5/dblp},
  booktitle = {CHI 95 Conference Companion},
  crossref = {conf/chi/1995c},
  editor = {Miller, Jim and Katz, Irvin R. and Mack, Robert L. and Marks, Linn},
  ee = {http://doi.acm.org/10.1145/223355.223464},
  interhash = {1e34f17e257addb0b9b21fb6aa90b897},
  intrahash = {b1e4ef4ee8850be75055bcc5ab78f3d5},
  isbn = {0-89791-755-3},
  keywords = {dblp},
  pages = {129-130},
  publisher = {ACM},
  timestamp = {2011-12-21T00:00:00.000+0100},
  title = {The Influence Explorer},
  url = {http://dblp.uni-trier.de/db/conf/chi/chi1995c.html#TweedieSDS95},
  year = 1995
}

@inproceedings{Wattenberg:2002:ADV:857191.857733,
 author = {Wattenberg, Martin},
 title = {Arc Diagrams: Visualizing Structure in Strings},
 booktitle = {Proceedings of the IEEE Symposium on Information Visualization (InfoVis'02)},
 series = {INFOVIS '02},
 year = {2002},
 isbn = {0-7695-1751-X},
 pages = {110--},
 url = {http://dl.acm.org/citation.cfm?id=857191.857733},
 acmid = {857733},
 publisher = {IEEE Computer Society},
 address = {Washington, DC, USA},
 keywords = {string, sequence, visualization, arc diagram, music, text, code},
} 

@book{Knuth:1993:SGP:164984,
 author = {Knuth, Donald E.},
 title = {The Stanford GraphBase: a platform for combinatorial computing},
 year = {1993},
 isbn = {0-201-54275-7},
 source = {ACM member price \$40.75, order number 704931},
 publisher = {ACM},
 address = {New York, NY, USA},
} 

@inproceedings{Holten:2009:USV:1518701.1519054,
 author = {Holten, Danny and van Wijk, Jarke J.},
 title = {A user study on visualizing directed edges in graphs},
 booktitle = {Proceedings of the SIGCHI Conference on Human Factors in Computing Systems},
 series = {CHI '09},
 year = {2009},
 isbn = {978-1-60558-246-7},
 location = {Boston, MA, USA},
 pages = {2299--2308},
 numpages = {10},
 url = {http://doi.acm.org/10.1145/1518701.1519054},
 doi = {10.1145/1518701.1519054},
 acmid = {1519054},
 publisher = {ACM},
 address = {New York, NY, USA},
 keywords = {curves, directed edges, graphs, information visualization, lines, user studies},
} 

@ARTICLE{Ferreira:6065004, 
	author={Ferreira, N. and Lins, L. and Fink, D. and Kelling, S. and Wood, C. and Freire, J. and Silva, C.}, 
	journal={Visualization and Computer Graphics, IEEE Transactions on}, 
	title={BirdVis: Visualizing and Understanding Bird Populations}, 
	year={2011}, 
	volume={17}, 
	number={12}, 
	pages={2374-2383}, 
	keywords={data visualisation;ecology;environmental science computing;statistical analysis;zoology;BirdVis;biotic processes;bird observation records;bird population understanding;bird population visualization;climate;conservation biologists;crowdsourcing;eBird project;ecological well being;ecology;habitat;interactive visualization system;land managers;local scale environmental covariates;multiscale spatial temporal patterns;ornithologists;spatio temporal bird distribution models;species-habitat associations;statistical framework;vegetation phenology;Biological system modeling;Data visualization;Ornithology;Predictive models;Spatial databases;Tag clouds;Ornithology;multiscale analysis;spatial data;species distribution models;temporal data.;Animals;Artificial Intelligence;Birds;Computer Graphics;Computer Simulation;Databases, Factual;Ecosystem;Flight, Animal;Models, Biological;Population Dynamics;Software;Songbirds;Species Specificity;User-Computer Interface}, 
	doi={10.1109/TVCG.2011.176}, 
	ISSN={1077-2626},
}

@article{Javed:2010:GPM:1907651.1907971,
 author = {Javed, Waqas and McDonnel, Bryan and Elmqvist, Niklas},
 title = {Graphical Perception of Multiple Time Series},
 journal = {IEEE Transactions on Visualization and Computer Graphics},
 issue_date = {November 2010},
 volume = {16},
 number = {6},
 month = nov,
 year = {2010},
 issn = {1077-2626},
 pages = {927--934},
 numpages = {8},
 url = {http://dx.doi.org/10.1109/TVCG.2010.162},
 doi = {10.1109/TVCG.2010.162},
 acmid = {1907971},
 publisher = {IEEE Educational Activities Department},
 address = {Piscataway, NJ, USA},
 keywords = {braided graphs, design guidelines, evaluation, horizon graphs, line graphs, line graphs, braided graphs, horizon graphs, small multiples, stacked graphs, evaluation, design guidelines, small multiples, stacked graphs},
} 

@article{Lotka1926fds,
  added-at = {2010-10-25T06:30:57.000+0200},
  author = {{Alfred J. Lotka}},
  biburl = {http://www.bibsonomy.org/bibtex/214383cf82c81596a8368a0b76c668578/regier},
  interhash = {73d352ad46d3f9f62ed9c6679f6d6337},
  intrahash = {14383cf82c81596a8368a0b76c668578},
  journal = {Journal of the Washington Academy of Sciences},
  keywords = {disambiguation},
  number = 12,
  pages = {317--323},
  timestamp = {2010-10-25T06:30:57.000+0200},
  title = {The frequency distribution of scientific productivity},
  volume = 16,
  year = 1926
}

@article{VOL26a,
  added-at = {2009-03-03T17:19:04.000+0100},
  author = {Volterra, V},
  biburl = {http://www.bibsonomy.org/bibtex/23db80be43378151bcaafaf950ae9e3bf/bronckobuster},
  doi = {10.1038/118558a0},
  interhash = {20bd0e4cb57f97a82423f7e0db6db85d},
  intrahash = {3db80be43378151bcaafaf950ae9e3bf},
  journal = {Nature},
  keywords = {imported},
  pages = {558--560},
  timestamp = {2009-03-03T17:19:04.000+0100},
  title = {Fluctuations in the Abundance of a Species Considered Mathematically},
  volume = 118,
  year = 1926
}

@book{united1999ecosystem,
  title={Ecosystem-based fishery management: a report to Congress},
  author={United States. National Marine Fisheries Service. Ecosystem Principles Advisory Panel},
  lccn={00325486},
  url={http://books.google.com/books?id=bLoxmLSz6IYC},
  year={1999},
  publisher={U.S. Dept. of Commerce, National Oceanic and Atmospheric Administration, National Marine Fisheries Service}
}

@article{Rosenzweig1963Graphical,
    abstract = {{doi: 10.1086/282272}},
    author = {Rosenzweig, M. L. and Macarthur, R. H.},
    citeulike-article-id = {4284535},
    citeulike-linkout-0 = {http://dx.doi.org/10.1086/282272},
    citeulike-linkout-1 = {http://www.journals.uchicago.edu/doi/abs/10.1086/282272},
    day = {1},
    doi = {10.1086/282272},
    journal = {The American Naturalist},
    keywords = {population\_dynamics, predator-prey, rosenzweig-macarthur\_model},
    month = jan,
    number = {895},
    pages = {209+},
    posted-at = {2009-04-07 16:34:54},
    priority = {0},
    title = {{Graphical Representation and Stability Conditions of Predator-Prey Interactions}},
    url = {http://dx.doi.org/10.1086/282272},
    volume = {97},
    year = {1963}
}

@article{schaefer1957,
year={1957},
journal={Inter-American Tropical Tuna Commission Bulletin},
volume={2},
number={6},
title={A study of the dynamics of the fishery for yellowfin tuna in the Eastern Tropical Pacific Ocean},
author={Schaefer, Milner B.},
pages={243-285},
language={English}
}

@article{leslie1960,
year={1960},
journal={Biometrika},
volume={47},
pages={219-301},
author = {Leslie, P. H. and Gower, J. C.},
title = {The properties of a stochastic model for the predator-prey type of interaction between two species}
}

@article{Christensen1996Report,
    author = {Christensen, Norman L. and Bartuska, Ann M. and Brown, James H. and Carpenter, Stephen and D'Antonio, Carla and Francis, Rober and Franklin, Jerry F. and MacMahon, James A. and Noss, Reed F. and Parsons, David J. and Peterson, Charles H. and Turner, Monica G. and Woodmansee, Robert G.},
    citeulike-article-id = {6599076},
    citeulike-linkout-0 = {http://dx.doi.org/10.2307/2269460},
    citeulike-linkout-1 = {http://www.jstor.org/stable/10.2307/2269460},
    doi = {10.2307/2269460},
    issn = {10510761},
    journal = {Ecological Applications},
    keywords = {ecosystem-management},
    month = aug,
    number = {3},
    pages = {665+},
    posted-at = {2012-03-23 19:18:48},
    priority = {2},
    title = {{The Report of the Ecological Society of America Committee on the Scientific Basis for Ecosystem Management}},
    url = {http://dx.doi.org/10.2307/2269460},
    volume = {6},
    year = {1996}
}



