@article{Gamble20092570,
	title = "Analyzing the tradeoffs among ecological and fishing effects on an example fish community: A multispecies (fisheries) production model ",
	journal = "Ecological Modelling ",
	volume = "220",
	number = "19",
	pages = "2570 - 2582",
	year = "2009",
	note = "",
	issn = "0304-3800",
	doi = "10.1016/j.ecolmodel.2009.06.022",
	url = "http://www.sciencedirect.com/science/article/pii/S0304380009003998",
	author = "Robert J. Gamble and Jason S. Link",
	keywords = "Ecological interactions",
	keywords = "Ecosystem-based fishery management",
	keywords = "Multispecies",
	keywords = "Production model",
	keywords = "Biological reference points",
	keywords = "Predation",
	keywords = "Competition",
	keywords = "Northwest Atlantic",
	keywords = "Northeast United States \{LME\} "
}

