@article{gamble2009,
	title = "Analyzing the tradeoffs among ecological and fishing effects on an example fish community: A multispecies (fisheries) production model ",
	journal = "Ecological Modelling ",
	volume = "220",
	number = "19",
	pages = "2570--2582",
	year = {2009},
	note = "",
	issn = "0304-3800",
	author = "Robert J. Gamble and Jason S. Link",
	keywords = "Ecological interactions",
	keywords = "Ecosystem-based fishery management",
	keywords = "Multispecies",
	keywords = "Production model",
	keywords = "Biological reference points",
	keywords = "Predation",
	keywords = "Competition",
	keywords = "Northwest Atlantic",
	keywords = "Northeast United States \{LME\} "
}

@article{ArreguinSanchez1996,
	year={1996},
	issn={0960-3166},
	journal={Reviews in Fish Biology and Fisheries},
	volume={6},
	number={2},
	title={Catchability: a key parameter for fish stock assessment},
	publisher={Kluwer Academic Publishers},
	author={Arregu\'{i}n-S\'{a}nchez, Francisco},
	pages={221--242},
	language={English}
}

@inproceedings{tweedie1995,
	added-at = {2011-12-21T00:00:00.000+0100},
	author = {Tweedie, Lisa and Spence, Robert and Dawkes, Huw and Su, Hua},
	booktitle = {CHI 95 Conference Companion},
	editor = {Miller, Jim and Katz, Irvin R. and Mack, Robert L. and Marks, Linn},
	keywords = {dblp},
	pages = {129--130},
	publisher = {ACM},
	timestamp = {2011-12-21T00:00:00.000+0100},
	title = {The Influence Explorer},
	year = 1995
}

@inproceedings{wattenberg2002,
	author = {Wattenberg, Martin},
	title = {Arc Diagrams: Visualizing Structure in Strings},
	booktitle = {Proceedings of the IEEE Symposium on Information Visualization},
	series = {INFOVIS '02},
	year = {2002},
	isbn = {0-7695-1751-X},
	pages = {110--116},
	acmid = {857733},
	publisher = {IEEE Computer Society},
	address = {Washington, DC, USA},
	keywords = {string, sequence, visualization, arc diagram, music, text, code},
} 

@book{knuth1993,
	author = {Knuth, Donald E.},
	title = {The {S}tanford {G}raph{B}ase: a platform for combinatorial computing},
	year = {1993},
	isbn = {0-201-54275-7},
	source = {ACM member price \$40.75, order number 704931},
	publisher = {ACM},
	address = {New York, NY, USA},
} 

@inproceedings{holten2009,
	author = {Holten, Danny and van Wijk, Jarke J.},
	title = {A user study on visualizing directed edges in graphs},
	booktitle = {Proceedings of the SIGCHI Conference on Human Factors in Computing Systems},
	series = {CHI '09},
	year = {2009},
	isbn = {978-1-60558-246-7},
	location = {Boston, MA, USA},
	pages = {2299--2308},
	acmid = {1519054},
	publisher = {ACM},
	address = {New York, NY, USA},
	keywords = {curves, directed edges, graphs, information visualization, lines, user studies}
} 

@ARTICLE{ferreira2011, 
	author={Ferreira, N. and Lins, L. and Fink, D. and Kelling, S. and Wood, C. and Freire, J. and Silva, C.}, 
	journal={IEEE Transactions on Visualization and Computer Graphics}, 
	title={{B}ird{V}is: Visualizing and Understanding Bird Populations}, 
	year={2011}, 
	volume={17}, 
	number={12}, 
	pages={2374--2383}, 
	ISSN={1077-2626}
}

@article{javed2010,
	author = {Javed, Waqas and McDonnel, Bryan and Elmqvist, Niklas},
	title = {Graphical Perception of Multiple Time Series},
	journal = {IEEE Transactions on Visualization and Computer Graphics},
	issue_date = {November 2010},
	volume = {16},
	number = {6},
	month = nov,
	year = {2010},
	issn = {1077-2626},
	pages = {927--934},
	numpages = {8},
	acmid = {1907971},
	publisher = {IEEE Educational Activities Department},
	address = {Piscataway, NJ, USA},
	keywords = {braided graphs, design guidelines, evaluation, horizon graphs, line graphs, line graphs, braided graphs, horizon graphs, small multiples, stacked graphs, evaluation, design guidelines, small multiples, stacked graphs}
} 

@article{lotka1926,
	added-at = {2010-10-25T06:30:57.000+0200},
	author = {Lotka, Alfred J.},
	journal = {Journal of the Washington Academy of Sciences},
	keywords = {disambiguation},
	number = 12,
	pages = {317--323},
	timestamp = {2010-10-25T06:30:57.000+0200},
	title = {The frequency distribution of scientific productivity},
	volume = 16,
	year = 1926
}

@article{volterra1926,
	added-at = {2009-03-03T17:19:04.000+0100},
	author = {Volterra, Vito},
	interhash = {20bd0e4cb57f97a82423f7e0db6db85d},
	intrahash = {3db80be43378151bcaafaf950ae9e3bf},
	journal = {Nature},
	keywords = {imported},
	pages = {558--560},
	timestamp = {2009-03-03T17:19:04.000+0100},
	title = {Fluctuations in the Abundance of a Species Considered Mathematically},
	volume = 118,
	year = 1926
}

@book{united1999,
	title={Ecosystem-based fishery management: a report to {C}ongress},
	author={United States. National Marine Fisheries Service. Ecosystem Principles Advisory Panel},
	lccn={00325486},
	year={1999},
	publisher={U.S. Dept. of Commerce, National Oceanic and Atmospheric Administration, National Marine Fisheries Service}
}

@article{rosenzweig1963,
	author = {Rosenzweig, M. L. and Macarthur, R. H.},
	day = {1},
	journal = {The American Naturalist},
	keywords = {population\_dynamics, predator-prey, rosenzweig-macarthur\_model},
	month = jan,
	number = {895},
	pages = {209+},
	posted-at = {2009-04-07 16:34:54},
	priority = {0},
	title = {{Graphical Representation and Stability Conditions of Predator-Prey Interactions}},
	volume = {97},
	year = {1963}
}

@article{schaefer1957,
	year={1957},
	journal={Inter-American Tropical Tuna Commission Bulletin},
	volume={2},
	number={6},
	title={A study of the dynamics of the fishery for yellowfin tuna in the Eastern Tropical Pacific Ocean},
	author={Schaefer, Milner B.},
	pages={243--285},
	language={English}
}

@article{leslie1960,
	year={1960},
	journal={Biometrika},
	volume={47},
	pages={219--301},
	author = {Leslie, P. H. and Gower, J. C.},
	title = {The properties of a stochastic model for the predator-prey type of interaction between two species}
}

@article{christensen1996,
	author = {Christensen, Norman L. and Bartuska, Ann M. and Brown, James H. and Carpenter, Stephen and D'Antonio, Carla and Francis, Rober and Franklin, Jerry F. and MacMahon, James A. and Noss, Reed F. and Parsons, David J. and Peterson, Charles H. and Turner, Monica G. and Woodmansee, Robert G.},
	issn = {10510761},
	journal = {Ecological Applications},
	keywords = {ecosystem-management},
	month = aug,
	number = {3},
	pages = {665--691},
	posted-at = {2012-03-23 19:18:48},
	priority = {2},
	title = {{The Report of the {E}cological {S}ociety of {A}merica Committee on the Scientific Basis for Ecosystem Management}},
	volume = {6},
	year = {1996}
}

@book{playfair,
	author={Playfair, William},
	year={1786},
	title={The Commerical and Political Atlas: Representing, by means of stained copper-plate charts, the progress of the commerce, revenues, expenditure and debts of England during the whole of the Eighteenth Century}
}

@ARTICLE{aigner2008,
	author = {Wolfgang Aigner and Silvia Miksch and Wolfgang M\"{u}ller and Heidrun Schumann and Christian Tominski},
	title = {Visual Methods for Analyzing Time-Oriented Data},
	journal = {IEEE Transactions on Visualization and Computer Graphics},
	year = {2008},
	volume = {14},
	pages = {47--60},
}

@article{frank1998,
	author = {Frank, Andrew U},
	title = {Different types of ``times" in {GIS}},
	journal = {Spatial and Temporal Reasoning in {GIS}},
	year = {1998},
	pages = {40--62}, 
	publisher = {Oxford University Press}
}

@article{saitoTwoTone,
	author = {Takafumi Saito and Hiroko Nakamura Miyamura and Mitsuyoshi Yamamoto and Hiroki Saito and Yuka Hoshiya and Takumi Kaseda},
	title = {Two-Tone Pseudo Coloring: Compact Visualization for One-Dimensional Data},
	journal ={IEEE Symposium on Information Visualization},
	volume = {0},
	issn = {1522-404x},
	year = {2005},
	pages = {23},
	publisher = {IEEE Computer Society},
	address = {Los Alamitos, CA, USA}
}

@article{heer2010,
	author = {Heer, Jeffrey and Bostock, Michael and Ogievetsky, Vadim},
	title = {A tour through the visualization zoo},
	journal = {Commun. ACM},
	issue_date = {June 2010},
	volume = {53},
	number = {6},
	month = jun,
	year = {2010},
	issn = {0001-0782},
	pages = {59--67},
	numpages = {9},
	acmid = {1743567},
	publisher = {ACM},
	address = {New York, NY, USA}
} 

@article{cleveland1988,
	jstor_articletype = {research-article},
	title = {The Shape Parameter of a Two-Variable Graph},
	author = {Cleveland, William S. and McGill, Marylyn E. and McGill, Robert},
	journal = {Journal of the American Statistical Association},
	volume = {83},
	number = {402},
	jstor_formatteddate = {Jun., 1988},
	pages = {289--300},
	ISSN = {01621459},
	language = {English},
	year = {1988},
	publisher = {American Statistical Association},
	copyright = {Copyright Â© 1988 American Statistical Association}
}

@article {gaichas2008,
	author = "Gaichas, Sarah K. and Francis, Robert C.",
	title = "Network models for ecosystem-based fishery analysis: a review of concepts and application to the {G}ulf of {A}laska marine food web",
	journal = "Canadian Journal of Fisheries and Aquatic Sciences",
	volume = "65",
	number = "9",
	year = "2008",
	pages = "1965--1982"
}

@inproceedings{ghoniem2004,
	author = {Ghoniem, Mohammad and Fekete, Jean-Daniel and Castagliola, Philippe},
	title = {A Comparison of the Readability of Graphs Using Node-Link and Matrix-Based Representations},
	booktitle = {Proceedings of the IEEE Symposium on Information Visualization},
	series = {INFOVIS '04},
	year = {2004},
	isbn = {0-7803-8779-3},
	pages = {17--24},
	numpages = {8},
	acmid = {1038777},
	publisher = {IEEE Computer Society},
	address = {Washington, DC, USA},
	keywords = {Visualization of graphs, adjacency matrices, node-link representation, readability, evaluation},
} 

@INPROCEEDINGS{weber2001, 
	author={Weber, M. and Alexa, M. and Muller, W.}, 
	booktitle={IEEE Symposium on Information Visualization}, 
	title={Visualizing time-series on spirals}, 
	year={2001}, 
	pages={7--13}, 
	keywords={Data analysis;Data engineering;Data visualization;Displays;Engineering drawings;History;Joining processes;Periodic structures;Spirals;Time series analysis}, 
	ISSN={1522-404X},
}

@INPROCEEDINGS{havre2000, 
	author={Havre, S. and Hetzler, B. and Nowell, L.}, 
	booktitle={IEEE Symposium on Information Visualization}, 
	title={{T}heme{R}iver: visualizing theme changes over time}, 
	year={2000}, 
	pages={115--123}, 
	keywords={data visualisation;document handling;ThemeRiver;document collection;prototype system;temporally associated documents;textual presentation;thematic variations;theme change visualization;timeline;Bars;Data visualization;Histograms;Prototypes;Rivers;Testing;USA Councils;Usability}, 
	ISSN={1522-404X},
}

@ARTICLE{grad2007, 
	author={Grad, B.}, 
	journal={Annals of the History of Computing, IEEE}, 
	title={The Creation and the Demise of {V}isi{C}alc}, 
	year={2007}, 
	volume={29}, 
	number={3}, 
	pages={20--31}, 
	keywords={spreadsheet programs;VisiCalc;instantly updated spreadsheet software product;personal computers;Application software;Companies;Computer industry;Distributed computing;Explosives;Hardware;History;Microcomputers;Operating systems;Radio access networks;Bob Frankston;Dan Bricklin;Dan Fylstra;VisiCalc;personal computer software;spreadsheets}, 
	ISSN={1058-6180}
}

@misc{bricklin1999,
	author = {Bricklin, Dan and Frankston, Bob},
	title = {{V}isi{C}alc: Information from its creators, {D}an {B}ricklin and {B}ob {F}rankston},
	year = {1999},
	note  = "[Online; accessed 2013-10-07]",
	howpublished  = {\url{http://bricklin.com/visicalc.htm}}
}

@Article{eberlein1992,
	author={Eberlein, Robert L. and Peterson, David W.},
	title={Understanding models with {V}ensim\texttrademark},
	journal={European Journal of Operational Research},
	year=1992,
	volume={59},
	number={1},
	pages={216--219},
	month={May}
}

@article{cox2013,
	author  = {Jonathan Cox and Donald  House and Michael  Lindell},
	title   = {Visualizing Uncertainty in Predicted Hurricane Tracks},
	journal = {International Journal for Uncertainty Quantification},
	issn    = {2152-5080},
	year    = {2013},
	volume  = {3},
	number  = {2},
	pages   = {143--156}
}

@article{hunter1993,
	author  = {Hunter, G. J. and M. F. Goodchild},
	title   = {Managing uncertainty in spatial databases: Putting theory into practice},
	journal = {URISA},
	year    = {1993},
	pages   = {1--14}
}

@Article{potter2010,
  author = 	 {Kristin Potter and Joe Kniss and Richard Riesenfeld
                  and Chris R. Johnson},
  title = 	 {Visualizing Summary Statistics and Uncertainty},
  journal =      {Computer Graphics Forum (Proceedings of Eurovis 2010)},
  pages = 	 {823--831},
  year = 	 {2010},
  volume = 	 {29},
  number = 	 {3},
}

@proceeding{neufeld2005,
	author = {Neufeld, Eric M. and Kristtorn, Sonje K. and Guan, Qingjuan and Sanscartier, Manon and Ware, Colin},
	title = {Exploring causal influences},
	journal = {Proc. SPIE},
	volume = {5669},
	number = {},
	pages = {52--62},
	year = {2005},
	eprint = {}
}

@inproceedings{ware2013,
	author = {Ware, Colin},
	title = {Perceiving Complex Causation Through Interaction},
	booktitle = {Proceedings of the Symposium on Computational Aesthetics},
	series = {CAE '13},
	year = {2013},
	isbn = {978-1-4503-2203-4},
	location = {Anaheim, California},
	pages = {29--35},
	numpages = {7},
	acmid = {2487279},
	publisher = {ACM},
	address = {New York, NY, USA},
	keywords = {animation, causality},
} 

@ARTICLE {kadaba2007,
	AUTHOR = { Nivedita Kadaba and Pourang Irani and Jason Leboe },
	TITLE = { Visualizing Causal Semantics using Animations },
	JOURNAL = { {IEEE} Transactions on Visualization and Computer Graphics },
	VOLUME = { 13 },
	NUMBER = { 6 },
	YEAR = { 2007 },
	PAGES = { 1254--1261 },
	DOI = { 10.1109/TVCG.2007.70618 },
}

@INPROCEEDINGS { kadaba2009,
	AUTHOR = { Nivedita R. Kadaba and Pourang P. Irani and Jason Leboe },
	TITLE = { Analyzing Animated Representations of Complex Causal Semantics },
	BOOKTITLE = { Proceedings of the 6th Symposium on Applied Perception in Graphics and Visualization (APGV '09) },
	YEAR = { 2009 },
	PAGES = { 77--84 },
	DOI = { 10.1145/1620993.1621009 },
	PUBLISHER = { ACM },
	ADDRESS = { Chania, Crete, Greece },
}

@article{ ware1999,
	author = {Colin Ware and Eric Neufeld and Lyn Bartram},
	title = {Visualizing Causal Relations},
	journal = {IEEE Symposium on Information Visualization: Late Breaking Hot Topics},
	year = {1999},
	pages = {39--42},
}

@article{michotte1963,
	author = {Albert Michotte and Georges Thin\'es},
	title = {La causalit\'e perceptive},
	translator = {Georges Thin\'es and Alan Costall and George Butterworth},
	year = {1963},
	journal = {Journal de Psychologie Normale et Pathologique},
	pages = {9--36},

}
